@misc{ wiki:edu,
    author = "Wikipedia contributors",
    title = "Education Index --- Wikipedia{,} The Free Encyclopedia",
    year = "2017",
    howpublished = "\url{https://en.wikipedia.org/w/index.php?title=Education_Index&oldid=810353466}",
    note = "[Online; accessed 12-February-2018]"
  }
